@BOOK{ Knuth:TeX,
author = "Knuth, Donald E.",
title = "The {T}e{X} book",
publisher= "Addison-Wesley",
year = 1984
}
